@article{greenwade93,
    author  = "George D. Greenwade",
    title   = "The {C}omprehensive {T}ex {A}rchive {N}etwork ({CTAN})",
    year    = "1993",
    journal = "TUGBoat",
    volume  = "14",
    number  = "3",
    pages   = "342--351"
}

@misc{Vuln001,
    author = "OWASP",
    title = "{OWASP - SQL Injection}",
    note = "\url{https://owasp.org/www-community/attacks/SQL\_Injection}"
}
